@article{Cover1967,
  author  = {T. M. Cover and P. E. Hart},
  journal = {IEEE Transactions on Information Theory},
  title   = {Nearest neighbor pattern classification},
  year    = {1967},
  volume  = {13},
  number  = {1},
  pages   = {21-27},
  month   = {Jan}
}

@article{Cox1958,
  author  = {D. R. Cox},
  journal = {Journal of the Royal Statistical Society: Series B (Methodological)},
  title   = {The regression analysis of binary sequences},
  year    = {1958},
  volume  = {20},
  number  = {2},
  pages   = {215-242}
}

@book{Bishop2006,
  author    = {C. M. Bishop},
  title     = {Pattern Recognition and Machine Learning},
  year      = {2006},
  publisher = {Springer},
  address   = {New York}
}

@inproceedings{Drucker1997,
  author    = {H. Drucker and C. J. C. Burges and L. Kaufman and A. Smola and V. Vapnik},
  title     = {Support vector regression machines},
  booktitle = {Advances in Neural Information Processing Systems 9},
  editor    = {M. C. Mozer and M. I. Jordan and T. Petsche},
  year      = {1997},
  pages     = {155-161},
  publisher = {MIT Press},
  address   = {Cambridge, MA}
}

@article{Breiman2001,
  author  = {L. Breiman},
  journal = {Machine Learning},
  title   = {Random forests},
  year    = {2001},
  volume  = {45},
  number  = {1},
  pages   = {5-32},
  month   = {Oct}
}

@article{Friedman2001,
  author  = {J. H. Friedman},
  journal = {The Annals of Statistics},
  title   = {Greedy function approximation: A gradient boosting machine},
  year    = {2001},
  volume  = {29},
  number  = {5},
  pages   = {1189-1232},
  month   = {Oct}
}

@article{SparckJones1972,
  author  = {K. Sp√§rck Jones},
  journal = {Journal of Documentation},
  title   = {A statistical interpretation of term specificity and its application in retrieval},
  year    = {1972},
  volume  = {28},
  number  = {1},
  pages   = {11-21}
}

@inproceedings{Mikolov2013,
  author    = {T. Mikolov and K. Chen and G. Corrado and J. Dean},
  title     = {Efficient estimation of word representations in vector space},
  booktitle = {Proc. 1st Int. Conf. on Learning Representations},
  year      = {2013},
  address   = {Scottsdale, AZ, USA},
  note      = {Workshop Track}
}

@inproceedings{Devlin2019,
  author    = {J. Devlin and M.-W. Chang and K. Lee and K. Toutanova},
  title     = {{BERT}: Pre-training of deep bidirectional transformers for language understanding},
  booktitle = {Proc. 2019 Conf. of the North American Chapter of the Association for Computational Linguistics: Human Language Technologies, Volume 1 (Long and Short Papers)},
  year      = {2019},
  address   = {Minneapolis, MN, USA},
  month     = {Jun},
  pages     = {4171-4186}
}

@misc{Radford2018,
  author       = {A. Radford and K. Narasimhan and T. Salimans and I. Sutskever},
  title        = {Improving language understanding by generative pre-training},
  year         = {2018},
  howpublished = {OpenAI},
  note         = {Available: \url{https://www.cs.ubc.ca/~amuham01/LING530/papers/radford2018improving.pdf}}
}

@inproceedings{Wei2022,
  author    = {J. Wei and X. Wang and D. Schuurmans and M. Bosma and F. Xia and E. Chi and Q. V. Le and D. Zhou},
  title     = {Chain-of-thought prompting elicits reasoning in large language models},
  booktitle = {Advances in Neural Information Processing Systems 35},
  editor    = {S. Koyejo and S. Mohamed and A. Agarwal and D. Belgrave and K. Cho and A. Oh},
  year      = {2022},
  pages     = {24824-24837},
  publisher = {Curran Associates, Inc.}
}

@inproceedings{Houlsby2019,
  author    = {N. Houlsby and A. Giurgiu and S. Jastrzebski and J. Rusu and M. B. and, R. Pascanu and S. G. de G. Lan},
  title     = {Parameter-efficient transfer learning for NLP},
  booktitle = {Proc. Int. Conf. Mach. Learn.},
  year      = {2019},
  address   = {Long Beach, CA, USA},
  month     = {Jun},
  pages     = {2790-2799}
}

@inproceedings{Dettmers2023,
  author    = {T. Dettmers and A. Pagnoni and A. Holtzman and L. Zettlemoyer},
  title     = {{QLoRA}: Efficient finetuning of quantized {LLMs}},
  booktitle = {Advances in Neural Information Processing Systems 36},
  year      = {2023},
  pages     = {17993-18013}
}

@misc{OpenAI2023,
  author       = {OpenAI},
  title        = {{GPT-3.5 Turbo}},
  year         = {2023},
  howpublished = {\url{https://platform.openai.com/docs/models/gpt-3-5-turbo}},
  note         = {Accessed: Jun. 21, 2025}
}

@misc{yang2025qwen3technicalreport,
      title={Qwen3 Technical Report}, 
      author={An Yang and Anfeng Li and Baosong Yang and Beichen Zhang and Binyuan Hui and Bo Zheng and Bowen Yu and Chang Gao and Chengen Huang and Chenxu Lv and Chujie Zheng and Dayiheng Liu and Fan Zhou and Fei Huang and Feng Hu and Hao Ge and Haoran Wei and Huan Lin and Jialong Tang and Jian Yang and Jianhong Tu and Jianwei Zhang and Jianxin Yang and Jiaxi Yang and Jing Zhou and Jingren Zhou and Junyang Lin and Kai Dang and Keqin Bao and Kexin Yang and Le Yu and Lianghao Deng and Mei Li and Mingfeng Xue and Mingze Li and Pei Zhang and Peng Wang and Qin Zhu and Rui Men and Ruize Gao and Shixuan Liu and Shuang Luo and Tianhao Li and Tianyi Tang and Wenbiao Yin and Xingzhang Ren and Xinyu Wang and Xinyu Zhang and Xuancheng Ren and Yang Fan and Yang Su and Yichang Zhang and Yinger Zhang and Yu Wan and Yuqiong Liu and Zekun Wang and Zeyu Cui and Zhenru Zhang and Zhipeng Zhou and Zihan Qiu},
      year={2025},
      eprint={2505.09388},
      archivePrefix={arXiv},
      primaryClass={cs.CL},
      url={https://arxiv.org/abs/2505.09388}, 
}

@misc{Jieba2012,
  author       = {Sun, Junyi},
  title        = {Jieba: Chinese Text Segmentation},
  year         = {2012},
  howpublished = {\url{https://github.com/fxsjy/jieba}},
  note         = {Accessed: Jun. 21, 2025}
}


@misc{Shan2023,
  author       = {J. Shan and X. Kan and W. Yao and Z. He and D. Kong and R. Xu},
  title        = {Role-Play with Large Language Models},
  year         = {2023},
  eprint       = {2311.08269},
  archiveprefix= {arXiv},
  primaryclass = {cs.CL}
}
